
@book{BennettPGC,
  title = {A {{Philosophical Guide}} to {{Conditionals}}},
  isbn = {0-19-925887-2},
  abstract = {Conditional sentences are among the most intriguing and puzzling features of language, and analysis of their meaning and function has important implications for, and uses in, many areas of philosophy. Jonathan Bennett, one of the world's leading experts, distils many years' work and teaching{$<$}br{$>$}into this Philosophical Guide to Conditionals, the fullest and most authoritative treatment of the subject. An ideal introduction for undergraduates with a philosophical grounding, it also offers a rich source of illumination and stimulation for graduate students and professional{$<$}br{$>$}philosophers.},
  publisher = {{Oxford University Press}},
  author = {Bennett, Jonathan},
  year = {2003},
  keywords = {conditionals},
  howpublished = {Paperback},
  citeulike-article-id = {559147},
  posted-at = {2007-08-09 02:07:03}
}

@book{Sider2010-SIDLFP,
  title = {Logic for {{Philosophy}}},
  publisher = {{Oxford University Press}},
  author = {Sider, Theodore},
  year = {2010}
}

@book{Halbach2010-HALTLM,
  title = {The {{Logic Manual}}},
  publisher = {{Oxford University Press}},
  author = {Halbach, Volker},
  year = {2010}
}

@book{PriestINCL,
  edition = {2},
  series = {Cambridge Introductions to Philosophy},
  title = {An Introduction to Non-Classical Logic: From If to Is},
  publisher = {{Cambridge University Press}},
  author = {Priest, Graham},
  year = {2008},
  doi = {10.1017/CBO9780511801174},
  place = {Cambridge},
  collection = {Cambridge Introductions to Philosophy}
}


